%% This BibTeX bibliography file was created using BibDesk.
%% http://bibdesk.sourceforge.net/

@article{lewis2020retrieval,
      title={Retrieval-Augmented Generation for Knowledge-Intensive NLP Tasks}, 
      author={Patrick Lewis and Ethan Perez and Aleksandra Piktus and Fabio Petroni and Vladimir Karpukhin and Naman Goyal and Heinrich Küttler and Mike Lewis and Wen-tau Yih and Tim Rocktäschel and Sebastian Riedel and Douwe Kiela},
      year={2021},
      eprint={2005.11401},
      archivePrefix={arXiv},
      primaryClass={cs.CL},
      url={https://arxiv.org/abs/2005.11401}, 
}

@article{guu2020realm,
      title={REALM: Retrieval-Augmented Language Model Pre-Training}, 
      author={Kelvin Guu and Kenton Lee and Zora Tung and Panupong Pasupat and Ming-Wei Chang},
      year={2020},
      eprint={2002.08909},
      archivePrefix={arXiv},
      primaryClass={cs.CL},
      url={https://arxiv.org/abs/2002.08909}, 
}


@article{khattab2020colbert,
      title={ColBERT: Efficient and Effective Passage Search via Contextualized Late Interaction over BERT}, 
      author={Omar Khattab and Matei Zaharia},
      year={2020},
      eprint={2004.12832},
      archivePrefix={arXiv},
      primaryClass={cs.IR},
      url={https://arxiv.org/abs/2004.12832}, 
}

@article{wu2021recursively,
      title={Recursively Summarizing Books with Human Feedback}, 
      author={Jeff Wu and Long Ouyang and Daniel M. Ziegler and Nisan Stiennon and Ryan Lowe and Jan Leike and Paul Christiano},
      year={2021},
      eprint={2109.10862},
      archivePrefix={arXiv},
      primaryClass={cs.CL},
      url={https://arxiv.org/abs/2109.10862}, 
}

@article{raptor2024,
      title={RAPTOR: Recursive Abstractive Processing for Tree-Organized Retrieval}, 
      author={Parth Sarthi and Salman Abdullah and Aditi Tuli and Shubh Khanna and Anna Goldie and Christopher D. Manning},
      year={2024},
      eprint={2401.18059},
      archivePrefix={arXiv},
      primaryClass={cs.CL},
      url={https://arxiv.org/abs/2401.18059}, 
}

@article{liu2023lost,
  title={Lost in the Middle: How Language Models Use Long Contexts},
  author={Liu, Nelson F. and Lin, Kevin and Hewitt, John and Paranjape, Ashwin and Bevilacqua, Michele and Petroni, Fabio and Liang, Percy},
  journal={arXiv preprint arXiv:2307.03172},
  year={2023}
}


@misc{bioasq2023,
  title = {BioASQ-QA: A manually curated corpus for Biomedical Question Answering},
  author = {Krithara, Anastasia and Nentidis, Anastasios and Bougiatiotis, Konstantinos and Paliouras, Georgios},
  journal = {bioRxiv},
  year = {2022},
  doi = {10.1101/2022.12.14.520213},
  url = {https://doi.org/10.1101/2022.12.14.520213}
}

@misc{huggingface2024docqa,
  title={{Huggingface doc qa eval dataset}},
  howpublished={\url{https://huggingface.co/datasets/m-ric/huggingface_doc_qa_eval}},
  note={Accessed: 09-10-2024}
}


@article{malkov2016efficient,
  title={Efficient and robust approximate nearest neighbor search using Hierarchical Navigable Small World graphs},
  author={Malkov, Yu. A. and Yashunin, D. A.},
  journal={arXiv preprint arXiv:1603.09320},
  year={2016},
  url={https://arxiv.org/abs/1603.09320}
}


@article{muennighoff2022mteb,
    doi = {10.48550/ARXIV.2210.07316},
    url = {https://arxiv.org/abs/2210.07316},
    author = {Muennighoff, Niklas and Tazi, Nouamane and Magne, Lo{\"\i}c and Reimers, Nils},
    title = {MTEB: Massive Text Embedding Benchmark},
    publisher = {arXiv},
    journal={arXiv preprint arXiv:2210.07316},  
    year = {2022}
}
